<record><leader>00000cas a22000007a 4500</leader><controlfield tag="001">29343677</controlfield><controlfield tag="008">931117d18271828nyuwr ne      0    0eng d</controlfield><datafield ind1=" " ind2=" " tag="010"><subfield code="a">sn 93063985 </subfield></datafield><datafield ind1=" " ind2=" " tag="040"><subfield code="a">NYS</subfield><subfield code="b">eng</subfield><subfield code="c">NYS</subfield><subfield code="d">OCL</subfield><subfield code="d">OCLCQ</subfield><subfield code="d">OCLCF</subfield><subfield code="d">OCLCO</subfield></datafield><datafield ind1="1" ind2=" " tag="029"><subfield code="a">AU@</subfield><subfield code="b">000010738224</subfield></datafield><datafield ind1=" " ind2=" " tag="042"><subfield code="a">msc</subfield></datafield><datafield ind1=" " ind2=" " tag="043"><subfield code="a">n-us-ny</subfield></datafield><datafield ind1="0" ind2="4" tag="245"><subfield code="a">The Orleans Whig.</subfield></datafield><datafield ind1=" " ind2=" " tag="260"><subfield code="a">Gaines, N.Y. :</subfield><subfield code="b">John Fisk</subfield></datafield><datafield ind1=" " ind2=" " tag="300"><subfield code="a">v.</subfield></datafield><datafield ind1=" " ind2=" " tag="310"><subfield code="a">Weekly</subfield></datafield><datafield ind1="1" ind2=" " tag="362"><subfield code="a">Began in 1827; ceased in 1828.</subfield></datafield><datafield ind1=" " ind2=" " tag="588"><subfield code="a">Description based on: Vol. 1, no. 3 (July 18, 1827).</subfield></datafield><datafield ind1=" " ind2="0" tag="651"><subfield code="a">Gaines (N.Y.)</subfield><subfield code="v">Newspapers.</subfield></datafield><datafield ind1=" " ind2="7" tag="655"><subfield code="a">Newspapers.</subfield><subfield code="2">fast</subfield><subfield code="0">(OCoLC)fst01423814</subfield></datafield><datafield ind1=" " ind2="7" tag="651"><subfield code="a">New York (State)</subfield><subfield code="z">Gaines.</subfield><subfield code="2">fast</subfield><subfield code="0">(OCoLC)fst01250761</subfield></datafield><datafield ind1=" " ind2=" " tag="752"><subfield code="a">United States</subfield><subfield code="b">New York</subfield><subfield code="c">Orleans</subfield><subfield code="d">Gaines.</subfield></datafield><datafield ind1="0" ind2="7" tag="785"><subfield code="t">Orleans advocate</subfield><subfield code="w">(DLC)sn 84031181</subfield></datafield><datafield ind1="0" ind2="7" tag="785"><subfield code="t">Orleans advocate, and Anti-Masonic telegraph</subfield><subfield code="w">(DLC)sn 84020706</subfield></datafield></record>